@inproceedings{dietterich2002machine,
  title={Machine learning for sequential data: A review},
  author={Dietterich, Thomas G},
  booktitle={Joint IAPR international workshops on statistical techniques in pattern recognition (SPR) and structural and syntactic pattern recognition (SSPR)},
  pages={15--30},
  year={2002},
  organization={Springer}
}

@book{franoischollet2017learning,
  author = {Chollet, François},
  keywords = {ai deeplearning ml},
  month = nov,
  publisher = {Manning},
  timestamp = {2018-08-01T08:16:18.000+0200},
  title = {Deep Learning with Python },
  year = 2017
}

@article{qian1999momentum,
  title={On the momentum term in gradient descent learning algorithms},
  author={Qian, Ning},
  journal={Neural networks},
  volume={12},
  number={1},
  pages={145--151},
  year={1999},
  publisher={Elsevier}
}

@article{duchi2011adaptive,
  title={Adaptive subgradient methods for online learning and stochastic optimization},
  author={Duchi, John and Hazan, Elad and Singer, Yoram},
  journal={Journal of machine learning research},
  volume={12},
  number={Jul},
  pages={2121--2159},
  year={2011}
}

@article{nwankpa2018activation,
  title={Activation functions: Comparison of trends in practice and research for deep learning},
  author={Nwankpa, Chigozie and Ijomah, Winifred and Gachagan, Anthony and Marshall, Stephen},
  journal={arXiv preprint arXiv:1811.03378},
  year={2018}
}

@article{kingma2014adam,
  title={Adam: A method for stochastic optimization},
  author={Kingma, Diederik P and Ba, Jimmy},
  journal={arXiv preprint arXiv:1412.6980},
  year={2014}
}

@article{hyndman2006another,
  title={Another look at measures of forecast accuracy},
  author={Hyndman, Rob J and Koehler, Anne B},
  journal={International journal of forecasting},
  volume={22},
  number={4},
  pages={679--688},
  year={2006},
  publisher={Elsevier}
}

@article{beveridge1992least,
  title={Least squates estimation of missing values in time series},
  author={Beveridge, Steve},
  journal={Communications in Statistics-Theory and Methods},
  volume={21},
  number={12},
  pages={3479--3496},
  year={1992},
  publisher={Taylor \& Francis}
}

@article{lepot2017interpolation,
  title={Interpolation in time series: An introductive overview of existing methods, their performance criteria and uncertainty assessment},
  author={Lepot, Mathieu and Aubin, Jean-Baptiste and Clemens, Fran{\c{c}}ois HLR},
  journal={Water},
  volume={9},
  number={10},
  pages={796},
  year={2017},
  publisher={Multidisciplinary Digital Publishing Institute}
}

@article{makridakis2018statistical,
  title={Statistical and Machine Learning forecasting methods: Concerns and ways forward},
  author={Makridakis, Spyros and Spiliotis, Evangelos and Assimakopoulos, Vassilios},
  journal={PloS one},
  volume={13},
  number={3},
  year={2018},
  publisher={Public Library of Science}
}

@book{hyndman2018forecasting,
  title={Forecasting: principles and practice},
  author={Hyndman, Rob J and Athanasopoulos, George},
  year={2018},
  publisher={OTexts}
}

@inproceedings{dietterich2002machine,
  title={Machine learning for sequential data: A review},
  author={Dietterich, Thomas G},
  booktitle={Joint IAPR international workshops on statistical techniques in pattern recognition (SPR) and structural and syntactic pattern recognition (SSPR)},
  pages={15--30},
  year={2002},
  organization={Springer}
}

@misc{nielsenneural,
  added-at = {2019-01-15T22:46:49.000+0100},
  author = {Nielsen, Michael A.},
  biburl = {https://www.bibsonomy.org/bibtex/274383acee84241145ff4ffede9658206/slicside},
  interhash = {04d527cadd39f888fc3babcad3343362},
  intrahash = {74383acee84241145ff4ffede9658206},
  keywords = {ba-2018-hahnrico},
  publisher = {Determination Press},
  timestamp = {2019-01-15T22:46:49.000+0100},
  title = {Neural Networks and Deep Learning},
  type = {misc},
  url = {http://neuralnetworksanddeeplearning.com/},
  year = 2018
}

@book{shwartzdavid2014, 
  author = {Shalev-Shwartz, Shai and Ben-David, Shai}, 
  title = {Understanding Machine Learning: From Theory to Algorithms}, 
  year = {2014}, 
  isbn = {1107057132}, 
  publisher = {Cambridge University Press}, address = {USA} 
}

@inproceedings{hexeberg2017ais,
  title={AIS-based vessel trajectory prediction},
  author={Hexeberg, Simen and Fl{\aa}ten, Andreas L and Brekke, Edmund F and others},
  booktitle={2017 20th International Conference on Information Fusion (Fusion)},
  pages={1--8},
  year={2017},
  organization={IEEE}
}

@techreport{young2017predicting,
  title={Predicting vessel trajectories from AIS data using R},
  author={Young, Brian L},
  year={2017},
  institution={Naval Postgraduate School Monterey United States}
}

@article{srivastava2014dropout,
  title={Dropout: a simple way to prevent neural networks from overfitting},
  author={Srivastava, Nitish and Hinton, Geoffrey and Krizhevsky, Alex and Sutskever, Ilya and Salakhutdinov, Ruslan},
  journal={The journal of machine learning research},
  volume={15},
  number={1},
  pages={1929--1958},
  year={2014},
  publisher={JMLR. org}
}

@techreport{liraz2018ships,
  title={Ships' Trajectories Prediction Using Recurrent Neural Networks Based on AIS Data},
  author={Liraz, Shay P},
  year={2018},
  institution={Naval Postgraduate School Monterey United States}
}

@article{dnvgl2019maritime,
    author  = {DNV GL, Memon Economic},
    title   = {THE LEADING MARITIME CAPITALS OF THE WORLD 2019},
    journal = {Maritime},
    year    = {2019}
}

@article{imo1998,
    author  = {IMO},
    title   = {ADOPTION OF NEW AND AMENDED PERFORMANCE STANDARDS},
    journal = {Maritime},
    year    = {1998}
}

@article{zhao2018ship,
  title={Ship trajectories pre-processing based on AIS data},
  author={Zhao, Liangbin and Shi, Guoyou and Yang, Jiaxuan},
  journal={The Journal of Navigation},
  volume={71},
  number={5},
  pages={1210--1230},
  year={2018},
  publisher={Cambridge University Press}
}

@article{kang2013prevention,
  title={The prevention and handling of the missing data},
  author={Kang, Hyun},
  journal={Korean journal of anesthesiology},
  volume={64},
  number={5},
  pages={402},
  year={2013},
  publisher={Korean Society of Anesthesiologists}
}

@article{harati2007automatic,
  title={Automatic Identification System (AIS): data reliability and human error implications},
  author={Harati-Mokhtari, Abbas and Wall, Alan and Brooks, Philip and Wang, Jin},
  journal={The Journal of Navigation},
  volume={60},
  number={3},
  pages={373--389},
  year={2007},
  publisher={Cambridge University Press}
}

@article{graser2020open,
  title={Open Geospatial Tools for Movement Data Exploration},
  author={Graser, Anita and Dragaschnig, Melitta},
  journal={KN-Journal of Cartography and Geographic Information},
  pages={1--8},
  year={2020},
  publisher={Springer}
}

@article{straittimes2019maritime, 
    title   = {Singapore tops list of leading maritime capitals for fourth time}, 
    url     = {https://www.straitstimes.com/singapore/transport/singapore-tops-list-of-leading-maritime-capitals-for-fourth-time}, 
    journal = {Straittimes}, 
    year    = {2019}, 
    month   = {Apr}
}

@article{scmp2019maritime, 
    title   = {What a Singapore Strait traffic jam says about the world economy}, 
    url     = {https://www.scmp.com/week-asia/economics/article/2188740/what-singapore-strait-traffic-jam-says-about-world-economy}, 
    journal = {SCMP}, 
    year    = {2019}, 
    month   = {March}
}

@article{recaap2019report, 
    title   = {PIRACY AND ARMED ROBBERY AGAINST SHIPS IN ASIA ANNUAL REPORT}, 
    journal = {ReCAAP}, 
    year    = {2019}, 
    month   = {December}
}

@misc{lstmcolah,
    title       = {Understanding LSTM Networks},
    author      = {Christopher Olah},
    howpublished= {\url{https://colah.github.io/posts/2015-08-Understanding-LSTMs/}},
}

@misc{optimizationruder,
    title       = {An overview of gradient descent optimization algorithms},
    author      = {SEBASTIAN RUDER},
    howpublished= {\url{https://ruder.io/optimizing-gradient-descent/}},
}

@misc{aivsprotocolraymond,
    title       = {AIVDM/AIVDO protocol decoding},
    author      = {Eric S. Raymond},
    howpublished= {\url{https://gpsd.gitlab.io/gpsd/AIVDM.html}},
}

@book{geron2017handson,
  added-at = {2018-04-06T05:58:31.000+0200},
  address = {Sebastopol, CA},
  author = {Géron, Aurélien},
  biburl = {https://www.bibsonomy.org/bibtex/2a91270a3a516f4edaa5d459c40317fcc/achakraborty},
  interhash = {e2bd4a803c6cba6cca1d926b393806ad},
  intrahash = {a91270a3a516f4edaa5d459c40317fcc},
  isbn = {978-1491962299},
  keywords = {2017 book machine-learning oreilly tensorflow textbook},
  publisher = {O'Reilly Media},
  timestamp = {2018-04-06T05:59:31.000+0200},
  title = {Hands-on machine learning with Scikit-Learn and TensorFlow : concepts, tools, and techniques to build intelligent systems},
  year = 2017
}
